<record><leader>00000cas a22000007a 4500</leader><controlfield tag="001">21165253</controlfield><controlfield tag="008">900302d19691969mdumr ne      0    0eng d</controlfield><datafield ind1=" " ind2=" " tag="010"><subfield code="a">sn 90057057 </subfield></datafield><datafield ind1=" " ind2=" " tag="040"><subfield code="a">MFN</subfield><subfield code="b">eng</subfield><subfield code="c">MFN</subfield><subfield code="d">OCLCQ</subfield></datafield><datafield ind1=" " ind2=" " tag="042"><subfield code="a">msc</subfield></datafield><datafield ind1="0" ind2="0" tag="245"><subfield code="a">New Carrollton times Lanham-Seabrook times.</subfield></datafield><datafield ind1="3" ind2="0" tag="246"><subfield code="a">New Carrollton times</subfield></datafield><datafield ind1="3" ind2="0" tag="246"><subfield code="a">Lanham Seabrook times</subfield></datafield><datafield ind1=" " ind2=" " tag="260"><subfield code="a">New Carrollton, Md. :</subfield><subfield code="b">Eugene J. Colao</subfield></datafield><datafield ind1=" " ind2=" " tag="300"><subfield code="a">v.</subfield></datafield><datafield ind1=" " ind2=" " tag="310"><subfield code="a">Monthly</subfield></datafield><datafield ind1="0" ind2=" " tag="362"><subfield code="a">Vol. 1, no. 1 (Jan. 1969)-</subfield></datafield><datafield ind1="1" ind2=" " tag="362"><subfield code="a">Ceased in 1969.</subfield></datafield><datafield ind1=" " ind2=" " tag="752"><subfield code="a">United States</subfield><subfield code="b">Maryland</subfield><subfield code="c">Prince George's</subfield><subfield code="d">New Carrollton.</subfield></datafield><datafield ind1=" " ind2=" " tag="752"><subfield code="a">United States</subfield><subfield code="b">Maryland</subfield><subfield code="c">Prince George's</subfield><subfield code="d">Lanham.</subfield></datafield><datafield ind1=" " ind2=" " tag="752"><subfield code="a">United States</subfield><subfield code="b">Maryland</subfield><subfield code="c">Prince George's</subfield><subfield code="d">Seabrook.</subfield></datafield><datafield ind1="0" ind2="0" tag="785"><subfield code="t">Prince George's community times</subfield><subfield code="w">(DLC)sn 90057058</subfield></datafield></record>